
@book{macaulay1996grammar,
	Author = {Macaulay, Monica Ann},
	Date-Added = {2018-05-19 18:01:51 +0000},
	Date-Modified = {2018-05-19 18:01:51 +0000},
	Keywords = {mixt1427},
	Publisher = {University of California Press},
	Title = {A grammar of Chalcatongo Mixtec},
	Year = {1996}}

@article{bickel2007typology,
	Author = {Bickel, Balthasar},
	Date-Added = {2018-05-19 18:00:45 +0000},
	Date-Modified = {2018-05-19 18:00:45 +0000},
	Journal = {Linguistic Typology},
	Keywords = {typology},
	Pages = {239 - 251},
	Title = {Typology in the 21st century: major current developments},
	Volume = {11},
	Year = {2007}}

@article{comrie1998rethinking,
	Author = {Comrie, Bernard},
	Date-Added = {2018-05-19 18:00:28 +0000},
	Date-Modified = {2018-05-19 18:00:28 +0000},
	Journal = {Language design: journal of theoretical and experimental linguistics},
	Keywords = {relative clauses},
	Title = {Rethinking the typology of relative clauses},
	Volume = {1},
	Year = {1998}}
